@article{dyn-right-sizing,
 author = {Lin, Minghong and Wierman, Adam and Andrew, Lachlan L. H. and Thereska, Eno},
 title = {Dynamic Right-sizing for Power-proportional Data Centers},
 journal = {IEEE/ACM Trans. Netw.},
 issue_date = {October 2013},
 volume = {21},
 number = {5},
 month = oct,
 year = {2013},
 issn = {1063-6692},
 pages = {1378--1391},
 numpages = {14},
 url = {http://dx.doi.org/10.1109/TNET.2012.2226216},
 doi = {10.1109/TNET.2012.2226216},
 acmid = {2578914},
 publisher = {IEEE Press},
 address = {Piscataway, NJ, USA},
 keywords = {capacity provisioning, data centers, energy efficiency, online algorithms},
} 

@inproceedings{geo-load-balancing,
 author = {Lin, Minghong and Liu, Zhenhua and Wierman, Adam and Andrew, Lachlan L.  H.},
 title = {Online Algorithms for Geographical Load Balancing},
 booktitle = {Proceedings of the 2012 International Green Computing Conference (IGCC)},
 series = {IGCC '12},
 year = {2012},
 isbn = {978-1-4673-2155-6},
 pages = {1--10},
 numpages = {10},
 url = {http://dx.doi.org/10.1109/IGCC.2012.6322266},
 doi = {10.1109/IGCC.2012.6322266},
 acmid = {2410785},
 publisher = {IEEE Computer Society},
 address = {Washington, DC, USA},
} 

@InProceedings{bansal-soco,
  author =	{Nikhil Bansal and Anupam Gupta and Ravishankar Krishnaswamy and Kirk Pruhs and Kevin Schewior and Cliff Stein},
  title =	{{A 2-Competitive Algorithm For Online Convex Optimization With Switching Costs}},
  booktitle =	{Approximation, Randomization, and Combinatorial Optimization. Algorithms and Techniques (APPROX/RANDOM 2015)},
  pages =	{96--109},
  series =	{Leibniz International Proceedings in Informatics (LIPIcs)},
  ISBN =	{978-3-939897-89-7},
  ISSN =	{1868-8969},
  year =	{2015},
  volume =	{40},
  editor =	{Naveen Garg and Klaus Jansen and Anup Rao and Jos{\'e} D. P. Rolim},
  publisher =	{Schloss Dagstuhl--Leibniz-Zentrum fuer Informatik},
  address =	{Dagstuhl, Germany},
  URL =		{http://drops.dagstuhl.de/opus/volltexte/2015/5297},
  URN =		{urn:nbn:de:0030-drops-52970},
  doi =		{10.4230/LIPIcs.APPROX-RANDOM.2015.96},
  annote =	{Keywords: Stochastic, Scheduling}
}

@book{intro-algo,
  title={Introduction to Algorithms},
  author={Cormen, T.H. and Leiserson, C.E. and Rivest, R.L. and Stein, C.},
  isbn={9780262258104},
  year={2009},
  publisher={MIT Press}
}
