@article{dyn_right_size,
    author={Lin, Minghong and Wierman, Adam and Andrew, Lachlan L. H. and Thereska, Eno},
    title={{Dynamic right-sizing for power-propotional data centers}},
    journal={IEEE/ACM Transactions on Networking (TON)},
    year="2013",
    volume="21",
    pages={1378--1391}
}
